@book{zadeh,
editor={Zadeh, Lofti},
title={Fuzzy Sets, Fuzzy Logic, and Fuzzy Systems: Selected Papers},
publisher={World Scientific},
series={Advances in fuzzy systems},
volume=6,
address={River Edge, NJ},
year=1996}

@online{familysearch,
title={FamilySearch},
url={https://www.familysearch.org/},
lastaccessed = {October 10, 2017},
}

@online{sfm,
title={Security Force Monitor},
url={https://securityforcemonitor.org/},
lastaccessed = {October 10, 2017},
}


@online{scrivener,
title={Scrivener for Microsoft Windows},
url={https://www.literatureandlatte.com/scrivener.php},
lastaccessed = {October 10, 2017},
}

@online{documentcloud,
title={DocumentCloud},
url={https://www.documentcloud.org/},
}

@online{aleph,
title={Aleph},
url={https://aleph.readthedocs.io/en/latest/},
lastaccessed = {October 10, 2017},
}

@online{panda,
title={PANDA project},
url={http://pandaproject.net/},
lastaccessed = {October 10, 2017},
}

